@inproceedings{
	hawthorne2018enabling,
	title={Enabling Factorized Piano Music Modeling and Generation with the {MAESTRO} Dataset},
	author={Curtis Hawthorne and Andriy Stasyuk and Adam Roberts and Ian Simon and Cheng-Zhi Anna Huang and Sander Dieleman and Erich Elsen and Jesse Engel and Douglas Eck},
	booktitle={International Conference on Learning Representations},
	year={2019},
	url={https://openreview.net/forum?id=r1lYRjC9F7},
}

@misc{
	queenmidisongs,
	title={Queen - Royal Legend - Audio archive: Queen MIDI},
	year={2021},
	url={http://www.queenmusichall.cz/en/audio/queen-midi.html},
}


@misc{
	dcgan,
	title={DCGAN Tutorial},
	author={Nathan Inkawhich},
	year={2021},
	url={https://pytorch.org/tutorials/beginner/dcgan_faces_tutorial.html},
}
